% Encoding: UTF-8

%%%%%%%%%%%%%% Argumentation

@inproceedings{habernal2016argument,
  title={Which argument is more convincing? Analyzing and predicting convincingness of Web arguments using bidirectional LSTM},
  author={Habernal, Ivan and Gurevych, Iryna},
  year={2016},
  booktitle={Proceedings of the 54th Annual Meeting of the Association for Computational Linguistics (ACL)},
  organization={Association for Computational Linguistics}
}


@inproceedings{lukin2017argument,
  title={Argument Strength is in the Eye of the Beholder: Audience Effects in Persuasion},
  author={Lukin, Stephanie and Anand, Pranav and Walker, Marilyn and Whittaker, Steve},
  year={2017},
  booktitle={15th European Chapter of the Association for Computational Linguistics (EACL)},
  organization={Association for Computational Linguistics},
}

@inproceedings{tan2016winning,
  title={Winning arguments: Interaction dynamics and persuasion strategies in good-faith online discussions},
  author={Tan, Chenhao and Niculae, Vlad and Danescu-Niculescu-Mizil, Cristian and Lee, Lillian},
  booktitle={Proceedings of the 25th International Conference on World Wide Web},
  pages={613--624},
  year={2016},
  organization={International World Wide Web Conferences Steering Committee}
}

@article{monteserin2013reinforcement,
  title={A reinforcement learning approach to improve the argument selection effectiveness in argumentation-based negotiation},
  author={Monteserin, Ariel and Amandi, Anal{\'\i}a},
  journal={Expert Systems with Applications},
  volume={40},
  number={6},
  pages={2182--2188},
  year={2013},
  publisher={Elsevier}
}

@article{rosenfeld2016providing,
  title={Providing arguments in discussions on the basis of the prediction of human argumentative behavior},
  author={Rosenfeld, Ariel and Kraus, Sarit},
  journal={ACM Transactions on Interactive Intelligent Systems (TiiS)},
  volume={6},
  number={4},
  pages={30},
  year={2016},
  publisher={ACM}
}

%%%%%%%%%%%%%% (Approximate) Bayesian Inference

@inproceedings{hensman2013gaussian,
  title={Gaussian processes for Big data},
  author={Hensman, James and Fusi, Nicol{\`o} and Lawrence, Neil D},
  booktitle={Proceedings of the Twenty-Ninth Conference on Uncertainty in Artificial Intelligence},
  pages={282--290},
  year={2013},
  organization={AUAI Press}
}

@inproceedings{titsias2010bayesian,
  title={Bayesian Gaussian Process Latent Variable Model.},
  author={Titsias, Michalis K and Lawrence, Neil D},
  booktitle={AISTATS},
  volume={9},
  pages={844--851},
  year={2010}
}

@article{hoffman2013stochastic,
  title={Stochastic variational inference.},
  author={Hoffman, Matthew D and Blei, David M and Wang, Chong and Paisley, John William},
  journal={Journal of Machine Learning Research},
  volume={14},
  number={1},
  pages={1303--1347},
  year={2013}
}

@inproceedings{khan2014scalable,
  title={Scalable Collaborative Bayesian Preference Learning.},
  author={Khan, Mohammad Emtiyaz and Ko, Young Jun and Seeger, Matthias W},
  booktitle={AISTATS},
  volume={14},
  pages={475--483},
  year={2014}
}

@article{ghahramani2001introduction,
  title={An introduction to hidden Markov models and Bayesian networks},
  author={Ghahramani, Zoubin},
  journal={International Journal of Pattern Recognition and Artificial Intelligence},
  volume={15},
  number={01},
  pages={9--42},
  year={2001},
  publisher={World Scientific}
}

%%%%%%%%%%%%%% Embeddings

@inproceedings{soh2016distance,
  title={Distance-Preserving Probabilistic Embeddings with Side Information: Variational Bayesian Multidimensional Scaling Gaussian Process},
  author={Soh, Harold},
  booktitle={Proceedings of the International Joint Conference on Artificial Intelligence (IJCAI)},
  year={2016}
}

@inproceedings{zhou2012kernelized,
  title={Kernelized probabilistic matrix factorization: Exploiting graphs and side information},
  author={Zhou, Tinghui and Shan, Hanhuai and Banerjee, Arindam and Sapiro, Guillermo},
  booktitle={Proceedings of the 2012 SIAM international Conference on Data mining},
  pages={403--414},
  year={2012},
  organization={SIAM}
}

@inproceedings{yoshikawa2015non,
  title={Non-linear regression for bag-of-words data via gaussian process latent variable set model},
  author={Yoshikawa, Yuya and Iwata, Tomoharu and Sawada, Hiroshi},
  booktitle={Proceedings of the Twenty-Ninth AAAI Conference on Artificial Intelligence},
  pages={3129--3135},
  year={2015},
  organization={AAAI Press}
}

%%%%%%%%%%%%%% Preference Learning

@inproceedings{houlsby2012collaborative,
  title={Collaborative gaussian processes for preference learning},
  author={Houlsby, Neil and Huszar, Ferenc and Ghahramani, Zoubin and Hern{\'a}ndez-Lobato, Jose M},
  booktitle={Advances in Neural Information Processing Systems},
  pages={2096--2104},
  year={2012}
}

@InProceedings{brochu_active_2007,
  Title                    = {Active preference learning with discrete choice data},
  Author                   = {Brochu, E. and de Freitas, N. and Ghosh, A.},
  Booktitle                = {Advances in Neural Information Processing Systems 20},
  Year                     = {2008},
  Pages                    = {409--416},
  Publisher                = {MIT Press},

  Ignoreeditor             = {J.C. Platt and D. Koller and Y. Singer and S. Roweis}
}

%%%%%%%%%%%%%% Unreliable Data, especially from human interaction


@Article{dawid_maximum_1979,
  Title                    = {Maximum Likelihood Estimation of Observer Error-Rates Using the {EM} Algorithm},
  Author                   = {Dawid, A. P. and Skene, A. M.},
  Journal                  = {Journal of the Royal Statistical Society. Series C {(Applied} Statistics)},
  Year                     = {1979},

  Month                    = jan,
  Number                   = {1},
  Pages                    = {20--28},
  Volume                   = {28},

  ISSN                     = {0035-9254},
  Url                      = {http://www.jstor.org/stable/2346806}
}
